2480 3507
296 305 2043 374 Det varede kun faae Minuter, inden || vi saae det 2det, 3ie og 4de Skib, og der
300 393 2084 465 forløbe altid 6 til 8 Minuter, inden disse Billeder, som vare for Øjet saa lige et
298 489 2105 553 Skib, udbredte eller forstørrede sig saa meget, at vi komme ud af Vildfarelsen.
296 582 2107 650 Denne i en tyndere, under adskillige Gestalter, sammenpakkede Taage, kalder
296 660 859 736 man i Færøe Havgéuri.1
295 783 2012 860 End videre bestyrkes ieg i denne Mening af de af den engelske Regjæring
296 878 2047 950 foranstaltede Rejser omkring Jorden.2 Jeg vil af samme oversette et i denne
300 966 840 1040 Materie vigtigt Stykke.
307 1093 2106 1167 "S. 10. Da vi holdt ind mod Landet Patagonia, raabte den, som sad paa Udkik:
297 1192 2164 1258 Land forud. Det var da meget mørkt eller disigt næsten omkring hele Horizonten,
297 1282 2119 1345 og vi havde havt stærkt Tordenvejr. Vi saae, at det som i Førstningen syntes at
295 1373 2130 1435 være en Øe, rejste sig i 2 ujævne taggede Høje, hvortil der stødte Land en lang
297 1453 2150 1529 Vej mod S. O. Vores Kurs var S. W., og da de Offiserer, der vare befalede at gaae
291 1552 2064 1619 op i Mærset paa Udkik, raabte: at de saa Land endog lang Vej til Luvart, saa
298 1646 2049 1707 sejlede vi O. S. O.; Landet havde endnu bestandigen den samme Skikkelse;
296 1730 2110 1798 Højene syntes blaa, som de almindelig gjøre, naar man ikke er langt fra dem, i
294 1825 2169 1889 mørkt Regnvejr, og nu sagde mange af Skibs Folkene, at de saae Søen bryde paa
296 1915 2177 1980 Sand-Bankerne, men da vi havde styrt denne Kurs omtrent 1 Time, forsvandt paa
296 2004 2144 2069 engang det, som vi havde antaget for Land, og syntes til vores store Forundring,
294 2086 2101 2158 at have været en Taage-Banke, (fog-Bank)". Strax derpaa findes: "andre have
296 2189 2162 2250 været ligesaa bedragne; thi det er ikke længe siden, at en Skipper gjorde Eed, at
294 2265 2092 2342 han havde seet en Øe i mellem Newfoundland og den vestlige Ende af Irland,
294 2361 2146 2431 hvorpaa han endog havde seet voxende Træer; men denne Øe er sikkert ikke til,
294 2460 2162 2523 og er aldrig bleven funden, endskjønt der siden ere mange Skibe udsendte for at
294 2540 618 2610 opsøge den."
294 2659 2162 2740 Kan en saadan Taage bedrage indsigtsfulde og oplyste Mænds Øjne i vore Tider,
294 2758 2155 2829 hvad Under da, at den kan forlede en enfoldig og lettroende færøesk Bonde, der
294 2848 2127 2922 kan snart ansees for at have arvet denne Troe om Flyd-Øer af sine Forfædre? -
2115 3095 2189 3168 98
