<?xml version="1.0" encoding="UTF-8"  standalone="yes"?>
<PcGts xmlns="http://schema.primaresearch.org/PAGE/gts/pagecontent/2019-07-15" xmlns:xsi="http://www.w3.org/2001/XMLSchema-instance" xsi:schemaLocation="http://schema.primaresearch.org/PAGE/gts/pagecontent/2019-07-15 http://schema.primaresearch.org/PAGE/gts/pagecontent/2019-07-15/pagecontent.xsd">
  <Metadata>
	<Creator>escriptorium</Creator>
	<Created>2025-03-07T13:34:03.205707+00:00</Created>
        <LastChange>2025-03-07T18:19:10.588170+00:00</LastChange>
  </Metadata>
  <Page imageFilename="heimskringla_20250304_0035.png" imageWidth="2480" imageHeight="3507">
    <TextRegion id="eSc_textblock_21d97695"  custom="structure {type:text;}">
      <Coords points="306,288 2095,296 2111,450 2166,475 2166,699 2150,738 2041,787 1994,909 1947,917 304,925 272,894 272,319 306,288"/>
      <TextLine id="eSc_line_2e8a5cc6" custom="structure {type:default;}">
        <Coords points="2086,298 2025,294 2023,294 2004,294 1994,294 1986,300 1976,305 1856,305 1830,301 1782,294 1770,294 1758,294 1735,301 1719,305 1684,301 1616,294 1614,294 1612,294 1590,301 1583,307 1462,307 1454,303 1425,294 1423,294 1421,294 1419,294 1380,303 1364,307 1329,303 1240,296 1238,296 1236,296 1212,305 1204,309 1076,309 1066,305 1013,296 1011,296 885,307 859,309 850,307 805,298 803,298 801,298 799,298 783,309 781,309 777,309 740,298 738,298 736,298 735,298 733,298 715,309 713,309 697,309 538,300 536,300 534,300 532,300 516,311 512,313 384,313 378,311 302,300 300,300 298,300 296,300 288,305 290,356 290,372 2095,362 2097,346 2093,307 2086,298"/>
        <Baseline points="290,356 2097,346"/>
        <TextEquiv>
          <Unicode>Liggur nú knívurin inni í klútinum ella bandinum, tá ið tú hevur rikið</Unicode>
        </TextEquiv>
      </TextLine>
      <TextLine id="eSc_line_ae429257" custom="structure {type:default;}">
        <Coords points="290,457 565,467 567,467 569,467 571,467 581,457 584,455 641,457 809,465 811,465 908,457 953,453 976,457 1015,463 1017,463 1019,463 1039,457 1046,453 1050,457 1060,463 1062,463 1064,463 1066,463 1146,457 1187,453 1230,455 1300,461 1302,461 1304,461 1317,455 1331,452 1362,455 1399,461 1401,461 1403,461 1405,461 1413,455 1419,452 1456,455 1489,459 1491,459 1520,455 1561,450 1579,455 1590,459 1592,459 1594,459 1626,455 1666,450 1696,455 1719,459 1721,459 1723,459 1725,459 1729,455 1739,448 1772,455 1785,457 1787,457 2024,466 2023,432 2021,395 1982,383 1980,383 1978,383 1976,383 1955,395 1741,395 1682,383 1680,383 1678,383 1629,395 1627,395 1587,383 1585,383 1583,383 1581,383 1542,395 1390,385 1388,385 1339,397 1333,397 1327,397 1263,385 1261,385 1150,397 1126,399 1089,397 926,387 924,387 922,387 920,387 906,397 902,399 857,399 602,389 600,389 598,389 577,399 569,403 543,399 493,391 491,391 288,399 290,444"/>
        <Baseline points="290,444 2023,432"/>
        <TextEquiv>
          <Unicode>upp aftur, tá er marra inni, og so mást tú tvær ferðir enn vevja</Unicode>
        </TextEquiv>
      </TextLine>
      <TextLine id="eSc_line_aaa8cf96" custom="structure {type:default;}">
        <Coords points="288,529 288,543 692,553 694,553 748,543 756,543 2156,543 2156,522 2154,485 2117,469 2115,469 2113,469 2051,485 1976,485 1922,485 1922,483 1891,469 1889,469 1887,469 1815,483 1813,483 1811,483 1748,469 1746,469 1684,483 1672,485 1651,483 1571,473 1569,473 1567,473 1546,483 1538,485 1518,483 1456,473 1454,473 1452,473 1421,483 1411,485 1399,481 1382,477 1380,477 1378,477 1304,481 1216,489 1156,489 1144,481 1132,473 1130,473 1128,473 1126,473 1124,473 1101,481 1080,489 1015,489 1004,481 992,473 990,473 988,473 986,473 935,481 902,485 891,481 875,473 873,473 871,473 869,473 867,473 857,481 846,487 760,479 701,475 699,475 674,479 625,489 606,479 596,475 594,475 592,475 590,475 579,479 553,487 524,479 508,475 506,475 504,475 503,475 501,475 497,479 479,489 436,479 419,475 417,475 286,477 288,529"/>
        <Baseline points="288,529 2156,522"/>
        <TextEquiv>
          <Unicode>klútin ella bandið um knívin og hava sama atburð sum áður fyri at fáa</Unicode>
        </TextEquiv>
      </TextLine>
      <TextLine id="eSc_line_8ab158f8" custom="structure {type:default;}">
        <Coords points="292,650 2045,638 2047,611 2043,570 1754,561 1752,561 1750,561 1707,570 1649,561 1647,561 1645,561 1602,572 1596,572 1583,572 1473,563 1472,563 1470,563 1468,563 1454,572 1452,574 1343,574 1296,574 1280,563 1278,563 1277,563 1275,563 1228,572 1169,563 1167,563 1060,574 1056,574 1054,574 943,565 941,565 939,565 908,574 894,565 892,565 891,565 742,565 740,565 738,565 736,565 721,576 715,576 491,566 489,566 290,578 292,619"/>
        <Baseline points="292,619 2047,611"/>
        <TextEquiv>
          <Unicode>marru út. Gott sigist tað líkaleiðis at vera, fyri at forða henni at</Unicode>
        </TextEquiv>
      </TextLine>
      <TextLine id="eSc_line_3a65cd8b" custom="structure {type:default;}">
        <Coords points="292,707 292,734 2148,724 2148,697 2142,646 2066,658 1941,650 1939,650 1770,660 1651,650 1627,648 1626,648 1624,648 1618,650 1585,660 1565,650 1559,648 1557,648 1411,648 1409,648 1378,652 1302,662 1210,654 1173,650 1171,650 1134,654 1060,662 1046,654 1037,650 1035,650 1033,650 1031,650 1019,654 998,664 902,656 873,654 871,654 842,656 762,664 748,658 736,652 735,652 733,652 701,658 655,666 620,658 598,654 596,654 571,658 534,666 290,662 292,707"/>
        <Baseline points="292,707 2148,697"/>
        <TextEquiv>
          <Unicode>koma upp í songina, at venda skónum, tá ið tú fert niður, og seta teir</Unicode>
        </TextEquiv>
      </TextLine>
      <TextLine id="eSc_line_48331edd" custom="structure {type:default;}">
        <Coords points="290,794 290,812 2012,804 2014,785 2010,748 1928,734 1926,734 1924,734 1885,746 1815,734 1813,734 1811,734 1809,734 1791,748 1666,748 1433,736 1431,736 1351,748 1329,738 1327,738 1325,738 1323,738 1321,738 1308,750 1286,738 1284,738 1091,738 1089,738 957,752 918,740 916,740 914,740 750,752 635,740 633,740 631,740 629,740 610,754 584,742 582,742 581,742 506,752 430,742 428,742 426,742 397,755 288,755 290,794"/>
        <Baseline points="290,794 2014,785"/>
        <TextEquiv>
          <Unicode>so, at hælurin kemur at standa ímóti songini og tærnar út eftir</Unicode>
        </TextEquiv>
      </TextLine>
      <TextLine id="eSc_line_b2b40766" custom="structure {type:default;}">
        <Coords points="290,882 290,919 329,923 331,923 333,923 335,923 339,921 378,898 545,900 582,913 584,913 586,913 588,913 625,898 787,911 789,911 791,911 842,898 1119,905 1121,905 1355,894 1436,929 1454,935 1456,935 1458,935 1984,931 1984,874 1980,835 1770,835 1737,824 1735,824 1733,824 1731,824 1729,824 1715,835 1501,835 1470,826 1468,826 1466,826 1368,835 1298,826 1296,826 1294,826 1253,835 1136,826 1134,826 1132,826 1107,837 727,828 725,828 723,828 721,828 709,839 688,829 686,829 684,829 510,839 347,829 345,829 288,841 290,882"/>
        <Baseline points="290,882 1984,874"/>
        <TextEquiv>
          <Unicode>gólvinum; tá skal hon ikki hava lætt við at sleppa upp í songina.</Unicode>
        </TextEquiv>
      </TextLine>
    </TextRegion>
    <TextRegion id="eSc_textblock_7c369d18"  custom="structure {type:text;}">
      <Coords points="2154,3117 2197,3132 2205,3201 2113,3216 2105,3148 2154,3117"/>
      <TextLine id="eSc_line_995a0354" custom="structure {type:default;}">
        <Coords points="2134,3129 2134,3185 2134,3217 2184,3208 2184,3185 2184,3127 2143,3127 2134,3129"/>
        <Baseline points="2137,3187 2186,3186"/>
        <TextEquiv>
          <Unicode>31</Unicode>
        </TextEquiv>
      </TextLine>
    </TextRegion>
  </Page>
</PcGts>
