2480 3507
298 296 1735 358 Man igjentager den Fortælning, som L. Debes sigter til, at der
298 395 2090 451 fra Kalsøen og Viderøen skal have været for mindre end 20 Aar siden seet en
294 475 2179 542 Flyd-Øe, den største Deel af Dagen. Denne berettes at have havt 2 Fjelde, et paa
296 572 2144 633 Syd- og et paa Nord-Enden, hvoraf det sydligere var mørkere, og troedes derfor
298 668 2164 726 at være begroet med Lyng. At den for Resten skulde være græs groet til Toppen,
298 746 2193 817 og have store rindende Aaer; det har alle færøeske Flyd-Øer til fælles med denne.
298 839 2084 906 Ligeledes beretter man endnu, skjønt længere hen i Tiden, at have seet slige
297 937 1160 996 Flyd-Øer fra Mygenes og Suder øen.
296 1050 2173 1120 Men hvad ere vel disse Flyd-Øer, og hvad kunde de vel være uden en blot Fabel?
296 1149 2112 1213 At Klipper, hvoraf de for den største Deel vel maatte bestaae, kunde flyde paa
296 1237 2131 1302 Vandet, synes efter hydrostatiske Regler fornuftstridigt. Fabelen om slige Flyd-
294 1319 2140 1391 Øer er ikke des mindre meget gammel; thi man finder i den ældste Fabel-Lære,
298 1414 2152 1484 at Øen Delus, hvorpaa Latona fødte Apollo og Diana, flød op af Havet. Jeg maae
294 1509 2070 1571 anmærke, at man fra disse Flyd-Øer maae undtage ej allene de Øer, der ved
296 1605 2123 1665 Jordskjelv kunne opkomme af Havet, men endog dem, der efter Vinden vandre
298 1683 2152 1756 omkring paa Overfladen af visse Indsøer (Biisching og Speculum regale) og ikke
294 1776 2097 1844 vel kunne være andet, end Muld og Grønsvær, der efterhaanden ere revne fra
298 1866 2179 1938 Søebreddene, og samlede til en Masse, der efter Vandvejningens Regler ikke kan
298 1960 473 2026 synke.
296 2078 2171 2152 Efter de Tanker ieg giør mig om disse Flyd-Øer, ere slige phænomena ikke andet,
296 2172 2074 2242 end enten faste Skyer ved Horizonten, der ofte sees som Øer med Fjelde, og
296 2262 1939 2333 undertiden paatage sig andre besynderlige Skikkelser, hvoraf man ved
296 2361 2071 2429 Phantasiens Hjelp snart kan skabe hvad man vil, især naar de vise sig for et
294 2441 2175 2512 enfoldigt Øje, der i Forvejen har den Troe inde om Flyd-Øer; eller og, at de, under
298 2534 2165 2605 samme 2 Vilkaar, ere en tykkere og mere sammenpakket Taage i en tyndere, der
296 2632 2160 2694 ligeledes kan paatage sig artige Skikkelser. Jeg bestyrkes i denne sidste Mening
296 2714 2160 2784 ved egen Erfaring, da ieg i Sommeren 1781 rejste fra Norderøerne til Thorshavn,
296 2807 2156 2876 thi da jeg med en Baad af 8 Mands Besætning, nærmede mig imod Østnæs paa
292 2903 2179 2970 Østerøens Syd-Side, raabte strax en af Mandskabet: Skib uden for Nolsøen. Mod
294 2986 1832 3072 Havet der, var Luften taaget og disig; men vi saae alle det samme.
2126 3112 2184 3200 97
