2480 3507
311 300 752 379 Indberetninger
311 383 1353 469 fra en Reise i Færøe 1781 og 1782
319 471 1043 551 1. Hefte. J. Chr. Svabo
310 683 625 763 Marmennil
317 802 861 890 Týtt úr donskum av
315 894 850 974 Anker Eli Petersen
311 1130 2199 1206 Svabo nevnir eisini marmennilin í 2. hefti av "INDBERETNINGER fra en
315 1223 1193 1308 Reise i Færøe 1781 og 1782":
310 1344 2154 1427 Marmennil. Der gaaer med denne som med havfruen. Den skal være
311 1430 2101 1516 efter Fabelen, et lidet Hav-monstrum i Menneskelig Gestalt. Den
313 1517 2208 1607 skal og efter Fortælling, noget hen i tiden, være holdt paa Landet en
313 1605 1963 1696 Deel af Vinteren. Men denne Fortælling synes blottet for al
325 1702 772 1821 Troeværdighed.
2146 3018 2213 3118 29
