2480 3507
306 296 715 368 Indberetninger
308 364 1189 446 fra en Reise i Færøe 1781 og 1782
311 436 892 510 1. Hefte. J. Chr. Svabo
308 617 627 695 Flotoyggjar
310 720 818 789 Týtt úr donskum av
306 796 797 868 Anker Eli Petersen
308 1007 2058 1084 Eisini tann kaldgløggi føroyski vísindamaðurin Jens Christian Svabo
310 1083 1847 1160 (1746 - 1824) viðger pátrúnna viðvíkjandi flótandi oyggjum. Í
315 1149 2129 1229 "INDBERETNINGER fra en Reise i Færøe" 1781 og 1782. 1. Hefti, skrivar
308 1233 479 1295 hann:
304 1395 649 1478 Om Flyd-øer
308 1515 2142 1589 L. Debes i sin Færøa reserata giør mig det næsten til en Nødvendighed,
310 1593 1848 1661 under en særskilt Artikel kortelig at afhandle denne Materie.
345 1663 2080 1730 Fra S. 19 til 22 er denne Forfatter fast i den Troe, at hvis "de ikke ere
306 1728 2079 1810 Iisbjerge fra Grønland, saa ere de Djevelens Spøgerie og Forkoglerie,
306 1810 1438 1873 hvilken i sig selv er en tusindfold Konstner".
345 1880 2201 1952 Han beretter videre, at Svinøen har været en Flyd-Øe. Jeg vil legge til, at
303 1958 2068 2026 det samme berettes om Store-Dimon, ja vel flere af de færøeske Øer.
345 2028 2187 2097 I Henseende til Svinøen skal en Galte med et Kippe Nøgler fra Bordøen,
304 2102 2097 2166 heftet til dens Hale, have svømmet ud til samme, og da der var Staal i
306 2178 2062 2237 dem, skal Øen have fattet Grund og bleven fast. Efter Fabelen fæster
304 2246 2181 2314 Staal alle saadanne Flyd-Øer, under det Vilkaar, at det legges paa samme,
302 2318 2128 2391 inden det Øje, som har først seet dem, viger der fra; men vender denne
302 2382 2175 2462 Person Øjet derfra, inden Staalet har fæstet den, saa er 100 og Et ude, og
304 2458 1004 2552 Øen igjen lykkelig sjunken.
2126 3089 2190 3203 96
