2480 3507
356 292 2199 374 Den sidste del af sagnet, omhandlende Simons ophold hos huldrefolket
311 370 2166 442 i fjældet Froðbiarkambur på Suderø, har interesse ved det lys, der kastes
311 448 2183 527 over almuens tro på menneskers samliv med huldrefolket i disses boliger.
362 526 2147 602 S. 91. l. 6 nævnes Jógvan Isaksson på Skuø som Simons svigerfader.
310 607 2142 672 Efter V. U. Hammershaimb var imidlertid Simons hustru en søster til Jon
308 674 1236 750 Olavssøn, ligeledes bonde på Skuø.
358 752 1998 835 Den s. 89 nævnte Baraldur úti á Bø kaldes hos V. U. H.: Bárður.
2123 3066 2195 3134 54
